@article{costemalle2019,
  title   = {Detecting geographical differencing problems in the context of spatial data dissemination},
  author  = {Costemalle V.},
  journal = {Statistical Journal of the IAOS},
  year    = {2019},
  volume  = {35},
  number  = {4},
  pages   = {559-568},
  doi     = {10.3233/SJI-190564}
}
@article{gs2018,
  title   = {Données carroyées et Confidentialité},
  author  = {Branchu M., Costemalle V., Fontaine M.},
  journal = {Journées de Méthodologie statistique},
  year    = {2018},
  url     = {http://www.jms-insee.fr/2018/S23_3_ACTE_BRANCHU_JMS2018.pdf}
}
@article{censusmeth,
  title   = {Statistical disclosure control methods for harmonised protection of census data}, author  = {L.Antal, T. Enderle, S. Giessing},
  journal = {Harmonised protection of census data in the ESS},
  year    = {2017},
  url     = {https://ec.europa.eu/eurostat/cros/content/harmonised-protection-census-data_en}
}